<record><leader>00000cas a22000007a 4500</leader><controlfield tag="001">28467993</controlfield><controlfield tag="008">930719d191u1929ncuwr ne      0    0eng d</controlfield><datafield ind1=" " ind2=" " tag="010"><subfield code="a">sn 93064774 </subfield></datafield><datafield ind1=" " ind2=" " tag="040"><subfield code="a">NVJ</subfield><subfield code="b">eng</subfield><subfield code="c">NVJ</subfield><subfield code="d">OCLCQ</subfield></datafield><datafield ind1=" " ind2=" " tag="042"><subfield code="a">msc</subfield></datafield><datafield ind1="0" ind2="0" tag="245"><subfield code="a">Hoke County journal.</subfield></datafield><datafield ind1=" " ind2=" " tag="260"><subfield code="a">Raeford, N.C. :</subfield><subfield code="b">Raeford Pub. Co.</subfield></datafield><datafield ind1=" " ind2=" " tag="300"><subfield code="a">v.</subfield></datafield><datafield ind1=" " ind2=" " tag="310"><subfield code="a">Weekly</subfield></datafield><datafield ind1="1" ind2=" " tag="362"><subfield code="a">Ceased in 1929.</subfield></datafield><datafield ind1=" " ind2=" " tag="588"><subfield code="a">Description based on: Vol. 13, no. 41 (Jan. 3, 1918).</subfield></datafield><datafield ind1=" " ind2=" " tag="752"><subfield code="a">United States</subfield><subfield code="b">North Carolina</subfield><subfield code="c">Hoke</subfield><subfield code="d">Raeford.</subfield></datafield><datafield ind1="0" ind2="0" tag="780"><subfield code="t">Facts and figures (Raeford, N.C.)</subfield><subfield code="w">(DLC)sn 92074027</subfield></datafield><datafield ind1="0" ind2="7" tag="785"><subfield code="t">Hoke County news</subfield><subfield code="w">(DLC)sn 93064775</subfield></datafield><datafield ind1="0" ind2="7" tag="785"><subfield code="t">News-journal (Raeford, N.C.)</subfield><subfield code="w">(DLC)sn 93064776</subfield></datafield></record>